@article{worldbank2022,
  author = {{World Bank}},
  title = {Yemen Economic Update},
  institution = {World Bank},
  address = {Washington, DC},
  year = {2022}
}

@article{sanaa2023,
  author = {{Sana'a Center for Strategic Studies}},
  title = {How Currency Arbitrage Has Reduced the Funds Available to Address the Humanitarian Crisis},
  year = {2023}
}

@article{worldbank2020,
  author = {{World Bank}},
  title = {Syria Conflict and Regional Crisis: Implications for Regional Trading Systems and Local Food},
  institution = {World Bank},
  address = {Washington, DC},
  year = {2020}
}

@techreport{worldbank2022yemen,
  author = {{World Bank}},
  title = {Yemen Faces Mounting Economic Challenges},
  institution = {World Bank},
  type = {Yemen Economic Monitor},
  year = {2022}
}

@article{baulch1997,
  author = {Baulch, Bob},
  title = {Transfer Costs, Spatial Arbitrage, and Testing for Food Market Integration},
  journal = {American Journal of Agricultural Economics},
  volume = {79},
  number = {2},
  pages = {477-487},
  year = {1997}
}

@article{ravallion1986,
  author = {Ravallion, Martin},
  title = {Testing Market Integration},
  journal = {American Journal of Agricultural Economics},
  volume = {68},
  number = {1},
  pages = {102-109},
  year = {1986}
}

@incollection{fackler2001,
  author = {Fackler, Paul L. and Goodwin, Barry K.},
  title = {Spatial Price Analysis},
  booktitle = {Handbook of Agricultural Economics},
  volume = {1},
  editor = {Gardner, Bruce L. and Rausser, Gordon C.},
  publisher = {Elsevier},
  address = {Amsterdam},
  pages = {971-1024},
  year = {2001}
}

@article{balke1997,
  author = {Balke, Nathan S. and Fomby, Thomas B.},
  title = {Threshold Cointegration},
  journal = {International Economic Review},
  volume = {38},
  number = {3},
  pages = {627-645},
  year = {1997}
}

@article{dercon1995,
  author = {Dercon, Stefan},
  title = {On Market Integration and Liberalisation: Method and Application to Ethiopia},
  journal = {Journal of Development Studies},
  volume = {32},
  number = {1},
  pages = {112-143},
  year = {1995}
}

@incollection{little2007,
  author = {Little, Peter D.},
  title = {Unofficial Cross-Border Trade in Eastern Africa},
  booktitle = {Food Security in Sub-Saharan Africa},
  editor = {Devereux, Stephen and Maxwell, Simon},
  publisher = {ITDG Publishing},
  address = {London},
  pages = {158-182},
  year = {2007}
}

@techreport{mansour2021,
  author = {Mansour, Hani and Rees, Daniel and Ghani, Tarek and Abrahams, Alexei},
  title = {Market Integration Across Conflict Lines: Evidence from Syria During the Civil War},
  institution = {World Bank},
  address = {Washington, DC},
  year = {2021}
}

@article{hansen2002,
  author = {Hansen, Bruce E. and Seo, Byung},
  title = {Testing for Two-Regime Threshold Cointegration in Vector Error-Correction Models},
  journal = {Journal of Econometrics},
  volume = {110},
  number = {2},
  pages = {293-318},
  year = {2002}
}

@article{enders2001,
  author = {Enders, Walter and Siklos, Pierre L.},
  title = {Cointegration and Threshold Adjustment},
  journal = {Journal of Business \& Economic Statistics},
  volume = {19},
  number = {2},
  pages = {166-176},
  year = {2001}
}

@article{guney2019,
  author = {Guney, Selin and Goodwin, Barry K. and Riquelme, Andres},
  title = {Nonlinearity and Threshold Effects in Price Transmission: A Generalized Additive Vector Autoregression Approach},
  journal = {Agricultural Economics},
  volume = {50},
  number = {5},
  pages = {629-640},
  year = {2019}
}

@book{anselin1988,
  author = {Anselin, Luc},
  title = {Spatial Econometrics: Methods and Models},
  publisher = {Kluwer Academic Publishers},
  address = {Dordrecht},
  year = {1988}
}

@article{negassa2007,
  author = {Negassa, Asfaw and Myers, Robert J.},
  title = {Estimating Policy Effects on Spatial Market Efficiency: An Extension to the Parity Bounds Model},
  journal = {American Journal of Agricultural Economics},
  volume = {89},
  number = {2},
  pages = {338-352},
  year = {2007}
}

@article{elliott1996,
  author = {Elliott, Graham and Rothenberg, Thomas J. and Stock, James H.},
  title = {Efficient Tests for an Autoregressive Unit Root},
  journal = {Econometrica},
  volume = {64},
  number = {4},
  pages = {813-836},
  year = {1996}
}

@article{gregory1996,
  author = {Gregory, Allan W. and Hansen, Bruce E.},
  title = {Residual-Based Tests for Cointegration in Models with Regime Shifts},
  journal = {Journal of Econometrics},
  volume = {70},
  number = {1},
  pages = {99-126},
  year = {1996}
}

@article{zivot1992,
  author = {Zivot, Eric and Andrews, Donald W. K.},
  title = {Further Evidence on the Great Crash, the Oil-Price Shock, and the Unit-Root Hypothesis},
  journal = {Journal of Business \& Economic Statistics},
  volume = {10},
  number = {3},
  pages = {251-270},
  year = {1992}
}

@article{tsay1989,
  author = {Tsay, Ruey S.},
  title = {Testing and Modeling Threshold Autoregressive Processes},
  journal = {Journal of the American Statistical Association},
  volume = {84},
  number = {405},
  pages = {231-240},
  year = {1989}
}

@article{bai1998,
  author = {Bai, Jushan and Perron, Pierre},
  title = {Estimating and Testing Linear Models with Multiple Structural Changes},
  journal = {Econometrica},
  volume = {66},
  number = {1},
  pages = {47-78},
  year = {1998}
}